<record><leader>00000cas a22000007a 4500</leader><controlfield tag="001">14950021</controlfield><controlfield tag="008">861210c18949999txudn ne      0   a0eng d</controlfield><datafield ind1=" " ind2=" " tag="010"><subfield code="a">sn 86090369 </subfield></datafield><datafield ind1=" " ind2=" " tag="040"><subfield code="a">PPM</subfield><subfield code="b">eng</subfield><subfield code="c">PPM</subfield><subfield code="d">NSD</subfield><subfield code="d">OCLCQ</subfield></datafield><datafield ind1=" " ind2=" " tag="012"><subfield code="m">1</subfield></datafield><datafield ind1="1" ind2=" " tag="022"><subfield code="a">0896-0291</subfield><subfield code="l">0896-0291</subfield><subfield code="2">1</subfield></datafield><datafield ind1=" " ind2=" " tag="032"><subfield code="a">670140</subfield><subfield code="b">USPS</subfield></datafield><datafield ind1=" " ind2=" " tag="037"><subfield code="b">The Waxahachie Daily Light, PO Box 877, 200 W. Marvin, Waxahachie, TX 75165</subfield></datafield><datafield ind1=" " ind2=" " tag="042"><subfield code="a">msc</subfield><subfield code="a">nsdp</subfield></datafield><datafield ind1=" " ind2="0" tag="222"><subfield code="a">Waxahachie daily light</subfield></datafield><datafield ind1="0" ind2="4" tag="245"><subfield code="a">The Waxahachie daily light.</subfield></datafield><datafield ind1="1" ind2="3" tag="246"><subfield code="a">Daily light</subfield></datafield><datafield ind1=" " ind2=" " tag="260"><subfield code="a">Waxahachie, Tex. :</subfield><subfield code="b">Jas. O. Jones and W.K. Stokes</subfield></datafield><datafield ind1=" " ind2=" " tag="300"><subfield code="a">v. :</subfield><subfield code="b">ill.</subfield></datafield><datafield ind1=" " ind2=" " tag="310"><subfield code="a">Daily (except Saturday and Christmas Day),</subfield><subfield code="b">&lt;Sept. 25, 1987-&gt;</subfield></datafield><datafield ind1=" " ind2=" " tag="321"><subfield code="a">Daily (except Sunday),</subfield><subfield code="b">&lt;Sept. 26, 1898-&gt;</subfield></datafield><datafield ind1=" " ind2=" " tag="321"><subfield code="a">Daily (except Saturday),</subfield><subfield code="b">19 -</subfield></datafield><datafield ind1="1" ind2=" " tag="362"><subfield code="a">Began in 1894?</subfield></datafield><datafield ind1=" " ind2=" " tag="500"><subfield code="a">Publisher varies: Waxahachie Pub. Co., &lt;Sept. 25, 1987-&gt;</subfield></datafield><datafield ind1=" " ind2=" " tag="588"><subfield code="a">Description based on: Vol. 5, no. 157 (Sept. 26, 1898).</subfield></datafield><datafield ind1=" " ind2=" " tag="588"><subfield code="a">Latest issue consulted: Vol. 97, no. 75 (Friday, Sept. 25, 1987).</subfield></datafield><datafield ind1=" " ind2=" " tag="752"><subfield code="a">United States</subfield><subfield code="b">Texas</subfield><subfield code="c">Ellis</subfield><subfield code="d">Waxahachie.</subfield></datafield></record>